%
% The plain document type prints fields 
%
% DFO science report series instructions to authors
@plain{GUIDE,
author = {{Fisheries and Oceans Canada. Fisheries and Oceans Canada Library.}},
year = {2019.},
title = {{Guide for the production of Fisheries and Oceans Canada science report series.}},
edition = {{2$^{\text{nd}}$ edition:}},
journal = {},
publisher = {},
address = {},
pages = {v + 24 p.}
}


% Single author article check
@article{Doe2020,
author = {Doe, John},
journal = {Insert the name of the journal where it was published here},
volume = {volume},
number = {number},
pages = {123--456},
title = {Insert the title of the referenced publication here},
year = {2020}
}

% Two author article check
@article{Doe2019,
author = {Doe, John and Brown, Jane},
journal = {Insert the name of the journal where it was published here},
volume = {volume},
number = {number},
pages = {123--456},
title = {Insert the title of the referenced publication here},
year = {2019}
}

% Three or more author article check
@article{Doe2018,
author = {Doe, John-Andrew and Brown, Jane-Marie and Doe, Charley},
journal = {Insert the name of the journal where it was published here},
volume = {volume},
number = {number},
pages = {123--456},
title = {Insert the title of the referenced publication here},
year = {2018}
}

% Book published by author check
@book{Doe2017,
author = {Doe, J. and Brown, J. and Doe, J.},
publisher = {Publisher name},
address = {City, Province},
title = {Insert the title of the referenced book here},
pages = {123},
year = {2017}
}

% Book published by editors check
@book{Doe2016,
editor = {Doe, J. and Brown, J. and Doe, J.},
edition = {1st},
publisher = {Publisher name here},
address = {City, Country},
title = {Insert the title of the referenced book here},
pages = {123--456},
year = {2016}
}

% Book section check
@incollection{Doe2015,
author = {Doe, J. and Brown, J.},
booktitle = {Insert book title here},
editor = {Doe, M.},
pages = {123--456},
volume = {1},
number = {2},
publisher = {Publisher name here},
address = {City, Country},
title = {Insert article title here},
year = {2015}
}

% Book in a series check
@book{Doe2014,
author = {Doe, J. and Doe, J.},
number = {123},
publisher = {Book series name here},
title = {Insert book title here},
year = {2014}
}

% Ph. D. thesis check
@phdthesis{Doe2000,
author = {Doe, John},
title = {Insert title of the thesis here},
school = {University name},
year = {2000},
type = {Ph. D. thesis},
address = {City, Province}
}

% Masters thesis check
@mastersthesis{Brown2005,
author = {Brown, Jane},
title = {Insert title of the thesis here},
school = {University name},
year = {2005},
type = {M. Sc. thesis},
address = {City, Province}
}